1518 2209
173 183 218 215 4ss

503 179 667 213 vnzmr’s
693 189 992 213 AENEID.—BOOK
1020 189 1044 213 1.

174 275 242 309 615
271 273 398 316 “Quis
415 277 465 317 te,
487 276 574 307 nate
591 273 683 315 Dea,
704 284 771 317 per
787 275 893 306 tanta
910 272 1072 316 pericula
1089 283 1193 306 casus

266 333 482 377 Insequitur
496 332 508 365 2
534 342 617 375 quae
634 331 689 364 vis
707 331 932 364 immanibus
949 330 1108 374 applicat
1126 330 1200 364 oris
1214 330 1228 364 2

267 391 372 424 Tune
391 389 453 423 ille
471 389 620 431 AEneas,
643 400 753 432 quem
772 388 962 421 Dardanio
980 388 1153 421 Anchisae

266 448 375 482 Alma
392 447 521 480 Venus
539 446 692 489 Phrygii
710 446 838 490 genuit
857 445 1056 479 Simoentis
1073 445 1121 479 ad
1141 445 1302 480 undam?

267 507 392 550 Atque
411 504 583 548 equidem
601 504 784 537 Teucrum
801 503 954 537 memini
972 503 1111 537 Sidona
1128 503 1267 545 venire,

176 564 243 597 (520
268 563 425 596 Finibus
443 559 635 605 exfmlsum
655 560 795 604 patriis,
818 572 914 594 nova
931 571 1044 604 regna
1060 563 1251 604 petentem

268 619 418 654 Auxilio
436 619 528 652 Beli.
584 618 741 651 Genitor
758 621 838 651 tum
856 617 970 651 Belus
987 618 1147 662 opimam

266 678 449 712 Vastabat
468 677 642 720 Cyprum,
665 683 702 710 et
719 676 836 709 victor
854 675 997 709 dicione
1015 675 1177 709 tenebat.

268 736 448 779 Tempore
465 735 541 779 jam
560 746 605 768 ex
623 733 685 767 illo
704 745 808 767 casus
825 733 917 766 mihi
935 733 1104 776 cognitus
1123 732 1225 766 urbis

267 794 452 838 Trojanae,
473 804 683 837 nomenque
701 795 820 831 tuum,
842 802 1018 835 regesque
1038 790 1195 834 Pelasgi.

175 852 243 885 625
269 852 354 895 Ipse
371 851 489 884 hostis
508 851 666 884 Teucros
685 849 820 893 insigni
838 849 948 883 laude
965 848 1120 889 ferebat,

268 910 389 954 Seque
407 913 531 943 ortum
549 909 703 952 antiqui-i
721 908 947 941 Teucrorum
964 908 1010 941 ab
1028 907 1143 951 stirpe
1161 906 1319 943 volebat--

271 968 392 1009 Quare
410 967 518 1011 agite,
541 979 562 1000 o
580 967 699 1009 tectis,
721 966 889 1010 juvenes,
912 965 1096 999 succedite
1114 965 1271 1000 nostris!

268 1025 333 1059 Me
350 1035 498 1069 quoque
517 1036 581 1068 per
602 1024 737 1058 multos
755 1023 885 1057 similis
902 1024 1054 1057 fortuna
1070 1023 1215 1057 labores

267 1083 294 1117 J
296 1086 454 1116 aetatam
472 1082 540 1115 hac
559 1082 708 1116 demum
727 1081 846 1115 voluit
865 1081 1067 1115 consistere
1084 1084 1185 1115 terra

177 1141 246 1175 630
270 1140 357 1175 Non
375 1140 501 1185 ignara
519 1139 618 1183 mali,
639 1139 784 1173 miseris
804 1149 1016 1173 succurrere
1033 1135 1171 1173 disco.''

647 1267 713 1302 (vv.
735 1263 914 1301 631—642).

422 1346 514 1379 Dido
529 1347 690 1378 conducis
703 1348 833 1376 Aeneas
849 1348 882 1376 to
897 1345 1099 1385 herpalacoi

272 1432 332 1467 Sic
350 1435 540 1475 memorat,
564 1432 673 1466 simul
691 1432 838 1465 AEnean
855 1431 895 1465 in
912 1432 1013 1476 regia
1031 1431 1134 1466 ducit

271 1490 393 1533 Tecta,
416 1490 526 1524 simul
544 1490 680 1523 Divom
698 1489 846 1533 templis
864 1489 996 1523 indicit
1014 1490 1204 1525 honorem.

271 1548 351 1582 Nec
368 1547 491 1581 minus
509 1548 652 1582 interea
670 1548 775 1581 sociis
793 1547 840 1581 ad
858 1547 968 1581 litora
986 1547 1103 1581 mittit:

271 1605 419 1648 Viginti
438 1609 574 1648 tauros,
598 1616 815 1648 magnorum
833 1604 1023 1638 horrentia
1040 1608 1191 1639 centum

179 1664 248 1698 635
275 1665 392 1706 Terga
409 1665 529 1707 suum,
551 1664 706 1708 pingues
725 1667 875 1697 centum
892 1675 976 1697 cum
993 1663 1174 1697 matribus
1191 1674 1317 1708 agnos,

273 1722 434 1756 Munera
452 1722 696 1767 laetitiamque
714 1722 776 1756 dii.

321 1780 372 1813 At
391 1780 521 1813 domus
539 1780 696 1813 interior
711 1779 826 1823 regali
843 1778 1037 1823 splendida
1054 1778 1145 1812 luxu

273 1837 495 1879 Instruitur,
514 1838 719 1882 mediisque
736 1841 869 1882 parant
888 1837 1056 1871 convivia
1074 1837 1192 1872 tectis,

272 1895 365 1930 Arte
383 1895 559 1929 laboratae
578 1898 711 1937 vestes,
734 1898 907 1939 ostroque
926 1895 1083 1939 superbo
1102 1907 1110 1930 τ

181 1954 250 1987 640
274 1953 413 1997 Ingens
430 1956 626 1996 argentum
645 1951 795 1995 mensis,
816 1951 1017 1996 caelataque
1035 1951 1074 1985 in
1090 1963 1181 1986 auro
