1518 2209
212 184 259 218 34
537 185 701 219 VIRGIL'S
732 196 871 220 AENEID.
879 197 1029 221 —BOOK
1052 196 1078 222 1.

305 277 526 323 Harpalyce,
548 279 809 324 volucremque
826 280 914 324 fuga
930 280 1168 324 praevertitur
1184 280 1339 316 Eurum.

303 335 475 381 Namque
496 337 630 371 umeris
648 337 694 370 de
712 349 813 371 more
831 337 993 371 habilem
1018 339 1264 382 suspenderat:
1280 350 1407 373 arcum

302 393 498 437 Venatrix,
521 394 746 440 dederatque
763 407 903 428 comam
922 395 1130 429 diffundere
1148 395 1283 439 ventis,

210 453 280 486 320
303 452 415 486 Nuda
431 464 542 496 genu,
563 453 734 497 nodoque
753 453 855 486 sini-is
873 453 1025 487 collecta
1041 454 1210 488 fluentes.

301 511 357 544 Ac
374 511 486 555 prior,
511 511 535 528 ‘⁶
549 510 692 554 Heus,''
711 511 848 556 inquit,
871 512 893 528 “
906 511 1074 556 juvenes,
1089 513 1294 546 monstrate
1305 523 1401 546 mea.-

395 579 478 601 rum

303 626 462 660 Vidistis
480 627 510 660 si
527 639 638 671 quam
655 627 714 661 hic
732 630 917 661 errantem
934 627 1031 661 forte
1048 639 1227 671 sororum,

303 686 533 720 Succinctam
550 686 723 727 pharetra
741 690 776 719 et
795 686 989 720 maculosae
1005 687 1168 730 tegmine
1185 686 1313 730 lyncis,

302 745 379 777 Aut
396 743 602 788 spumantis
619 743 699 788 apri
716 755 863 777 cursum
881 743 1038 777 clamore
1056 742 1324 788 prementem.'’

675 847 741 884 (vv.
757 847 937 884 325-334).

212 897 280 927 The
294 897 391 936 reply
406 897 445 934 of
455 898 597 927 Aeneas.

207 971 277 1005 325
350 971 409 1004 Sic
426 970 556 1004 Venus
572 983 579 1012 ;
600 973 637 1004 et
654 970 814 1005 Veneris
832 970 959 1005 contr&
978 971 1029 1005 sic
1047 971 1145 1005 filius
1163 983 1267 1006 orsus
1283 983 1293 1008 2

305 1029 329 1046 “
344 1028 459 1062 Nulla
476 1031 624 1062 tuarum
641 1029 768 1062 audita
784 1029 886 1071 mihi,
908 1040 1029 1073 neque
1047 1030 1124 1063 visa
1142 1042 1320 1073 sororum,

301 1085 493 1130 O—quam
517 1088 555 1119 te
580 1097 779 1119 memorem
795 1085 971 1130 2—Virgo
985 1098 995 1128 3
1022 1097 1182 1130 namque
1207 1084 1308 1121 haud
1333 1085 1403 1120 tibi

393 1143 518 1177 voltus

299 1201 485 1244 BIortalis,
506 1213 574 1235 nec
591 1212 664 1235 vox
675 1200 865 1235 hominem
882 1204 999 1235 sonat.
1053 1201 1084 1235 O
1101 1200 1181 1235 Dea
1198 1201 1296 1236 certe
1317 1202 1325 1236 Ξ

301 1261 361 1293 An
379 1259 514 1293 Phoebi
530 1259 659 1293 soror?
675 1270 721 1292 an
741 1259 1000 1303 Nympharum
1018 1259 1213 1303 sanguinis
1231 1271 1306 1293 una
1321 1260 1334 1295 ’.ἱ

207 1318 277 1352 330
303 1318 361 1352 Sis
377 1317 480 1360 felix,
501 1321 743 1362 nostrumque
761 1317 871 1360 leves,
893 1328 1146 1362 quaecumque,
1168 1317 1342 1361 laborem,

301 1376 351 1410 Et
367 1387 441 1420 quo
458 1376 526 1409 sub
545 1375 633 1409 caelo
651 1376 813 1418 tandem,
836 1375 972 1420 quibus
989 1375 1090 1409 orbis
1107 1375 1147 1408 in
1164 1375 1238 1409 oris

299 1434 326 1468 J
328 1439 504 1477 actemur,
526 1434 655 1467 doceas
671 1446 679 1468 :
698 1434 816 1477 ignari
833 1434 1100 1478 hominumque
1117 1433 1354 1479 locorumque

299 1492 486 1527 Erramus.
510 1495 621 1525 vento
639 1491 710 1525 huc
729 1492 840 1525 vastis
859 1495 896 1525 et
913 1491 1087 1525 fluctibus
1103 1492 1185 1526 acti.

299 1550 423 1584 Multa
439 1549 510 1584 tibi
526 1552 613 1583 ante
631 1561 711 1583 aras
729 1553 857 1583 nostra
873 1549 980 1584 cadet
996 1549 1118 1583 hostia
1135 1547 1306 1584 dextra.”

675 1652 741 1691 (vv.
757 1652 934 1690 335—368).

213 1737 323 1768 Venus
338 1738 455 1777 briefly
475 1739 631 1768 ozan-rates
656 1736 711 1766 the
731 1738 823 1774 story
848 1736 887 1774 of
904 1735 996 1765 Dido
1022 1735 1092 1765 and
1108 1735 1348 1776 tlzefoundinq
1362 1738 1397 1775 ο]

717 1787 895 1824 Carthaye.

208 1860 277 1894 335
349 1862 441 1896 Tum
458 1861 590 1895 Venus
606 1873 613 1896 :
636 1859 778 1894 “Haud
794 1859 965 1904 equidem
982 1859 1049 1893 tali
1074 1871 1133 1893 me
1158 1859 1291 1904 dignor
1306 1860 1396 1895 hon-

393 1931 466 1953 ore.

301 1977 520 2021 Virginibus
537 1976 657 2021 Tyriis
674 1987 752 2010 mos
769 1978 825 2010 est
840 1977 983 2020 gestare
1000 1975 1222 2019 pharetram,
