1518 2209
500 174 665 208 VIRGIL'S
688 185 830 208 ΔΕΒ-ΕΗ).
838 184 987 209 -ΒοοΚ
1012 185 1038 209 1.
1333 178 1370 211 4²1

267 267 395 301 Fortia
412 267 509 301 facta
526 271 685 312 patrum,
704 268 818 302 series
835 268 1050 312 longissima
1067 280 1203 310 rerum,

268 325 342 359 Per
358 328 415 359 tot
431 324 542 358 ducta
559 325 657 359 viros
674 326 829 370 antiqua
846 325 892 359 ab
911 325 1052 370 origine
1069 326 1202 370 gentis.

644 438 709 475 (vv.
728 437 910 473 643-656)·

172 521 303 551 Aeneas
315 521 413 551 sends
426 521 572 550 Achates·
587 522 619 549 to
635 520 689 549 the
704 521 797 558 ships
826 522 858 550 to
887 531 1042 551 sammon
1065 521 1235 551 Ascanius
1251 523 1320 550 ‹zml
1339 524 1370 550 to

497 569 594 608 fetch
603 572 758 608 presentis
768 570 830 608 for
846 570 900 598 the
915 580 1032 608 queen.

310 655 619 700 AEneas—neque
636 655 735 689 enim
752 655 894 699 patrius
911 655 1112 689 consistere
1130 658 1293 689 mentem

263 713 399 747 Passus
415 713 735 757 amor—rapidum
753 713 799 747 ad
818 724 929 747 naves
946 713 1143 757 praemittit
1162 714 1347 753 Achaten,

171 771 239 804 645
264 770 421 804 Ascanio
438 770 534 804 ferat
551 770 639 811 haec,
662 770 856 815 ipsumque
874 770 921 803 ad
940 771 1075 804 moenia
1094 770 1216 805 ducat.

264 827 393 862 Omnis
411 827 449 861 in
467 827 624 861 Ascanio
643 827 716 861 cari
735 831 808 861 stat
828 839 913 861 cura
931 828 1107 872 parentis.

265 885 424 919 Munera
440 888 631 929 praeterea,
654 885 778 919 Iliacis
797 888 924 929 erepta
942 886 1074 927 ruinis,

261 944 374 978 Ferre
391 944 510 989 jubet,
531 944 666 988 pallam
683 944 799 988 signis
816 956 981 988 auroque
998 945 1193 988 rigentem,

261 1003 312 1036 Et
329 1003 613 1036 circumtextum
632 1013 758 1035 croceo
777 1002 944 1036 velamen
962 1002 1133 1043 acantho,

168 1061 238 1095 650
263 1060 425 1094 Ornatris
443 1059 591 1103 Argivae
609 1059 775 1102 Helenae,
798 1071 890 1104 quos
908 1059 972 1093 illa
989 1060 1171 1104 Mycenis,

261 1119 441 1162 Pergama
459 1130 541 1152 cum
559 1121 705 1162 peteret
722 1118 1027 1162 inconcessosque
1046 1118 1285 1163 Hymemeos,

259 1177 466 1219 Extulerat,
489 1176 617 1210 matris
636 1176 747 1210 Ledae
764 1176 933 1210 mirabile
951 1177 1088 1210 donum
1110 1190 1117 1218 ;

259 1236 444 1270 Praeterea
460 1238 657 1278 sceptrum,
680 1234 799 1268 Ilione
818 1234 918 1278 quod
936 1245 1099 1278 gesserat
1117 1235 1217 1278 olim,

259 1293 425 1327 Maxima
442 1295 614 1325 natarum
631 1291 781 1334 Priami,
805 1291 974 1336 colloque
991 1292 1129 1325 monile

166 1353 235 1388 655
259 1351 449 1390 Bacatum,
471 1353 508 1384 et
525 1349 708 1393 duplicem
727 1350 880 1394 gemmis
897 1361 1060 1395 auroque
1079 1362 1261 1386 coronam.

256 1409 351 1444 Haec
368 1407 543 1450 celerans,
564 1408 636 1442 iter
653 1408 699 1441 ad
717 1420 830 1442 naves
847 1408 1025 1442 tendebat
1048 1408 1216 1443 Achates.

632 1526 696 1563 (vv.
718 1527 896 1564 657—66-2).

598 1587 755 1626 Theplot
771 1589 810 1626 of
825 1588 946 1619 Venus.

303 1674 355 1709 At
372 1673 556 1718 Cytherea
572 1684 686 1706 novas
702 1675 812 1716 artes,
834 1684 929 1706 nova
947 1675 1095 1717 pectore
1112 1676 1236 1708 versat

256 1731 418 1766 Consilia
433 1745 441 1773 ;
467 1735 509 1765 ut
526 1731 658 1764 faciem
676 1734 841 1764 mutatus
859 1735 897 1765 et
916 1743 979 1765 ora
997 1731 1140 1775 Cupido

255 1789 329 1823 Pro
347 1789 446 1823 dulci
462 1788 621 1822 Ascanio
639 1787 776 1830 veniat,
797 1788 979 1833 donisque
996 1790 1182 1823 furentem

162 1848 233 1882 660
255 1847 436 1882 Incendat
453 1846 627 1890 reginam,
649 1849 761 1890 atque
779 1847 921 1880 ossibus
939 1846 1106 1890 implicet
1124 1848 1247 1890 ignem
1263 1860 1271 1888 3

256 1905 401 1949 Quippe
419 1904 569 1938 domum
583 1904 691 1937 timet
706 1903 927 1947 ambiguam,
945 1904 1149 1949 Tyriosque
1168 1905 1359 1949 bilingues.

256 1962 343 1997 Urit
361 1966 469 1997 atrox
485 1961 512 1995 J
515 1973 599 2006 uno,
622 1965 660 1995 et
677 1961 746 1995 sub
763 1966 910 1995 noctem
927 1973 1015 1996 cura
1032 1966 1205 1996 recursat.
