1518 2209
154 136 200 170 40

151 585 220 622 470

150 876 218 913 475

151 1224 220 1257 480

483 137 644 170 VIRGIL'S
670 147 967 171 AENEID.-}300K
991 147 1016 173 I.

584 266 587 269 Α
619 230 682 267 (vv.
708 230 884 259 466—42‘33.

465 291 562 320 Some
577 292 616 327 of
630 291 718 320 these
733 301 844 321 soenes
860 292 1040 322 described.

293 353 464 396 Namque
484 352 645 394 videbat,
668 352 722 386 uti
741 352 922 387 bellantes
940 353 1119 398 Pergama
1137 355 1275 390 circum

245 411 328 445 Hae
345 412 518 455 fugerent
536 410 634 453 Grai,
657 414 843 452 premeret
860 411 1020 455 Trojana
1039 412 1218 456 juventus
1234 427 1243 456 ;

245 470 327 503 Hac
344 469 521 513 Phryges,
543 469 699 502 instaret
716 480 824 502 curru
845 470 1016 503 cristatus
1035 471 1208 507 Achilles.

244 527 323 561 Nec
340 527 467 571 procul
485 527 571 560 hinc
588 526 704 560 Rhesi
722 526 840 560 niveis
858 528 1019 561 tentoria
1036 529 1127 562 velis

246 585 448 628 Adgnoscit
465 584 671 627 lacrimans,
693 584 811 628 primo
831 596 912 629 quae
930 585 1076 628 prodita
1092 597 1221 621 somno

244 642 404 687 Tydides
423 642 539 675 multa
558 642 725 675 vastabat
743 642 842 676 caede
859 646 1044 686 cruentus,

244 701 503 744 Ardentesque
520 700 656 733 avertit
674 712 787 745 equos
805 700 844 734 in
861 704 989 744 castra,
1012 702 1227 747 priusquam

244 759 386 792 Pabula
403 760 613 802 gustassent
632 758 765 802 Trojae,
787 758 1057 804 Xanthumque
1075 761 1264 797 bibissent.

244 818 357 851 Parte
375 817 446 850 aliz]
464 817 609 860 fugiens
626 817 768 850 amissis
786 817 929 850 Troilus
947 819 1069 859 armis,

244 875 383 909 Infelix
400 886 501 918 puer,
524 877 635 919 atque
653 874 771 918 impar
789 886 1003 918 congressus
1021 876 1168 920 Achilli,

244 933 379 966 Fertur
397 932 513 977 equis,
535 943 719 975 curruque
738 932 855 965 haeret
874 933 1070 977 resupinus
1089 935 1203 979 inani,

243 991 338 1024 Lora
363 993 495 1024 tenens
522 992 669 1024 tamen:
697 989 782 1023 huic
807 990 1006 1035 cervixque
1031 1003 1220 1038 comaeque
1252 997 1325 1029 tra-

335 1048 477 1081 huntur

243 1108 317 1141 Per
333 1110 482 1144 terram,
504 1108 541 1139 et
558 1110 664 1140 versa
680 1106 802 1150 pulvis
819 1106 1035 1141 inscribitur
1051 1107 1166 1144 hasta.

243 1166 393 1200 Interea
410 1165 454 1198 ad
474 1164 654 1208 templum
672 1176 746 1197 non
764 1176 879 1209 aequze
902 1165 1059 1199 Palladis
1076 1167 1181 1202 ibant

246 1222 420 1257 Crinibus
437 1221 573 1255 Iliades
591 1221 718 1265 passis,
740 1222 965 1266 peplumque
982 1223 1153 1258 ferebant

246 1281 471 1325 Suppliciter
488 1280 626 1321 tristes,
648 1283 684 1313 et
702 1282 823 1313 tunsae
840 1284 989 1324 pectora
1006 1282 1148 1325 palmis.

244 1340 342 1374 Diva
359 1339 436 1373 solo
454 1339 544 1372 fixos
562 1338 687 1371 oculos
704 1350 832 1372 aversa
849 1339 1010 1374 tenebat.

246 1399 316 1432 Ter
334 1398 470 1431 circum
489 1397 622 1430 Iliacos
640 1399 851 1440 raptaverat
870 1397 1033 1431 Hectora
1050 1410 1185 1441 muros,

246 1455 544 1498 Exanimumque
562 1465 651 1486 auro
669 1465 801 1497 corpus
820 1454 1005 1488 vendebat
1021 1455 1194 1491 Achilles.

295 1513 388 1546 Tum
406 1510 494 1545 ver&
512 1511 702 1555 ingentem
719 1511 898 1554 gemitum
916 1512 979 1545 dat
996 1516 1143 1556 pectore
1161 1515 1207 1548 ab
1224 1515 1310 1561 imo,

249 1571 301 1606 Ut
320 1570 445 1614 spolia,
470 1572 511 1602 ut
529 1573 670 1610 currite,
694 1572 807 1613 utque
826 1569 946 1613 ipsum
964 1581 1095 1614 corpus
1112 1573 1230 1616 amici,

247 1628 552 1671 Tendentemque
571 1630 701 1659 mansis
719 1626 907 1660 Priamum
925 1629 1115 1672 conspexit
1133 1630 1301 1666 inermes.

248 1687 295 1721 Se
311 1697 459 1731 quoque
477 1684 705 1728 principibus
724 1684 949 1727 permixtum
967 1685 1144 1730 adgnovit
1161 1689 1324 1734 Achivis,

247 1745 417 1788 ansque
431 1743 537 1785 acies,
560 1745 598 1775 et
615 1741 712 1785 nigri
730 1742 941 1776 Memnonis
958 1754 1068 1778 arma.

153 1804 224 1837 490
250 1803 362 1836 Ducit
380 1800 649 1834 Amazonidum
667 1800 805 1833 lunatis
822 1801 968 1843 agmina
985 1802 1094 1845 peltis

247 1858 485 1893 Penthesilea
502 1858 642 1900 furens,
664 1857 869 1901 mediisque
889 1857 928 1891 in
945 1859 1096 1893 milibus
1115 1862 1233 1908 ardet,

247 1918 371 1950 Aurea
387 1915 611 1948 subnectens
630 1916 786 1947 exsertae
805 1914 950 1958 cingula
968 1927 1136 1952 mammae

249 1972 440 2015 Bellatrix,
464 1971 649 2016 audetque
669 1971 756 2004 viris
767 1982 984 2007 concurrere
1002 1974 1114 2018 virgo.
