1518 2209
182 141 227 174 :38
507 142 670 177 vmcnls
703 153 1000 178 AENEID.—BOOK
1024 154 1049 178 1.

181 234 249 267 415
272 233 360 278 Ipsa
376 234 548 278 Paphum
565 236 734 270 sublimis
751 237 843 281 abit,
864 237 1044 282 sedesque
1061 238 1193 272 revisit

273 292 377 325 Laetva
393 304 488 336 suas,
509 294 572 327 ubi
590 295 771 338 templum
790 295 855 338 illi,
878 299 1102 340 centumque
1122 296 1255 330 Sabaeo

272 350 371 384 Ture
383 350 504 385 calent
518 363 601 395 arae,
623 353 808 397 sertisque
826 354 1038 387 recentibus
1056 354 1197 388 halant.

647 463 711 501 (vv.
729 464 911 502 ‘ns—440).

182 535 412 573 Aeneasfrom
426 545 447 564 α
463 535 527 565 hill
543 536 684 566 das—eries
706 537 761 566 the
781 537 889 574 risina
906 538 975 575 city
992 538 1033 576 of
1045 537 1217 576 Carthaqe
1231 538 1304 567 (md
1320 537 1375 567 tho

548 587 692 624 activity
708 587 747 624 of
758 587 814 616 the
828 588 996 617 colonists.

319 670 537 714 Corripuere
551 670 648 704 viam
665 671 819 713 interea,
840 683 913 716 qua
930 672 1062 706 semita
1079 676 1274 708 monstrat.

270 727 429 772 Jamque
446 728 695 762 ascendebant
713 729 856 768 collem,
878 729 942 773 qui
960 730 1143 774 plurimus
1162 731 1246 764 urbi

178 786 248 819 420
271 785 460 825 Imminet,
479 784 724 831 adversasque
735 790 900 831 aspectat
918 787 1075 831 desuper
1093 800 1205 822 arces.

270 843 434 876 Miratur
450 843 585 877 molem
603 843 757 887 AEneas,
778 845 936 888 magalia
953 846 1142 889 quondam

271 901 434 935 Miratur
451 905 586 945 portem,
609 903 893 947 strepitumque,
917 906 954 937 et
972 905 1090 937 strata
1107 904 1261 940 viarum.

271 960 420 993 Instant
437 959 610 994 ardentes
628 960 739 1004 Tyrii,
762 972 846 1005 pars
863 961 997 995 ducere
1015 973 1149 1006 muros,

271 1018 473 1061 Molirique
490 1029 622 1060 arcem,
644 1021 682 1052 et
700 1019 871 1052 manibus
889 1019 1108 1053 subvolvere
1127 1032 1214 1055 saxa
1233 1033 1242 1063 ;

179 1079 246 1110 425
272 1077 363 1110 Pars
380 1079 507 1120 optare
522 1077 643 1110 locum
661 1080 771 1119 tecto,
794 1080 831 1110 et
849 1077 1069 1111 concludere
1087 1078 1198 1112 sulco.

270 1135 296 1168 J
299 1146 365 1168 ura
382 1134 693 1178 magistr-atrisque
710 1134 852 1178 legunt,
874 1138 1116 1179 sanctumque
1134 1138 1315 1171 senatum.

271 1191 346 1226 Hic
356 1196 486 1236 portus
503 1192 566 1226 alii
585 1192 766 1226 effodiunt
783 1204 790 1227 ε
809 1191 870 1226 hic
887 1192 962 1226 alta
979 1192 1137 1227 theatris

271 1251 530 1284 Fundamenta
547 1250 671 1284 locant
688 1250 761 1292 alii,
784 1251 1038 1294 immanesque
1056 1251 1246 1285 columnas

270 1309 442 1353 Rupibus
461 1308 647 1350 excidunt,
669 1308 799 1342 scaenis
817 1309 950 1342 decora
968 1308 1044 1342 alta
1060 1309 1209 1344 futuris.

179 1368 247 1402 430
273 1367 399 1408 Qualis
416 1378 502 1410 apes
521 1369 650 1400 testate
667 1371 765 1399 nova
782 1378 848 1410 per
864 1366 977 1400 florea
995 1377 1082 1399 rura

270 1425 430 1458 Exercet
447 1424 515 1457 sub
533 1423 609 1456 sole
626 1423 740 1466 labor,
763 1435 846 1456 cum
863 1423 982 1467 gentis
999 1422 1147 1458 adultos

269 1483 447 1516 Educunt
464 1481 574 1523 feti-is,
596 1485 660 1514 aut
679 1492 761 1514 cum
779 1481 962 1524 liquentia
980 1481 1090 1515 mella

271 1540 432 1583 Stipant,
454 1542 491 1571 et
508 1538 606 1571 dulci
624 1537 844 1571 distendunt
861 1540 1010 1571 nectare
1027 1537 1147 1577 cellas,

269 1598 347 1630 Aut
364 1607 476 1630 onera
493 1595 679 1639 accipiunt
695 1595 925 1637 venientfim,
946 1597 1011 1628 aut
1028 1595 1174 1638 agmine
1191 1596 1291 1631 facto

179 1657 246 1689 435
272 1656 451 1699 Ignavom
469 1653 572 1687 fucos
589 1664 701 1697 pecus
718 1663 739 1685 a
756 1652 984 1696 praesepibus
1000 1656 1138 1686 arcent.

270 1713 406 1747 Fervet
424 1723 525 1756 opus,
546 1711 790 1754 redolentque
807 1710 936 1754 thymo
953 1710 1157 1754 fragrantia
1173 1711 1294 1747 mella.

275 1773 297 1790 “
313 1772 344 1805 O
362 1770 556 1811 fortunati,
577 1780 734 1813 quorum
753 1769 827 1813 jam
846 1768 983 1801 moenia
1000 1771 1158 1811 surgunt
1173 1768 1204 1803 !''

269 1828 410 1862 AEneas
427 1828 490 1870 ait,
512 1830 549 1861 et
567 1826 714 1870 fastigia
732 1825 884 1869 suspicit
902 1825 1013 1859 urbis.

269 1887 391 1921 Infert
408 1898 446 1920 se
463 1888 600 1929 saeptus
618 1884 764 1927 nebula,
787 1883 955 1917 mirabile
974 1883 1087 1927 dictu,

177 1946 246 1979 440
271 1945 344 1979 Per
361 1944 512 1985 medios,
534 1943 741 1987 miscetque·
756 1942 854 1985 viri-³³,
877 1953 999 1986 neque
1017 1942 1182 1977 cernitur
1199 1943 1278 1979 ulli.
