1518 2209
213 192 260 226 48

200 918 269 953 670

189 1495 259 1529 680

185 1787 252 1820 685

541 193 706 226 vmcu’s
731 203 871 228 AENEID.
880 203 1030 228 -ΒοοΚ
1054 202 1072 228 1

681 319 744 357 (vv.
767 319 943 357 663—688).

487 414 598 444 Venus
613 414 743 443 ret-eall?
761 413 819 442 her
833 413 961 443 scheme
978 415 1011 443 to
1028 415 1150 452 Cupid.

301 507 400 553 Ergo
419 507 475 542 his
492 509 671 553 aligerum
689 509 798 542 dictis
815 509 966 542 adfatur
982 510 1157 544 Amorem
1176 522 1183 545 :

305 568 329 584 “
342 567 452 609 Nate,
474 578 566 600 lneae
584 567 692 609 vires,
716 578 797 600 mea
814 578 947 610 magna
965 569 1146 611 potentia,
1167 568 1281 613 solus,

300 625 407 668 Nate,
430 626 545 669 patris
562 625 696 658 summi
714 625 779 669 qui
798 625 873 658 tela
892 625 1059 669 Typhoi'a
1077 627 1213 659 temnis
1230 639 1238 668 ;

298 684 357 717 Ad
374 688 411 717 te
429 683 613 726 confugio,
635 686 671 717 et
690 682 847 727 supplex
863 685 928 716 tua
945 683 1099 716 numina
1117 695 1236 727 posco.

297 742 427 776 Frater
445 745 486 775 ut
504 741 644 775 *Eneas
662 741 791 785 pelago
809 744 896 775 tuus
914 741 1036 775 omnia
1055 742 1190 775 circum

296 800 424 833 Litora
440 799 614 844 jactetur,
636 799 730 832 odiis
749 799 913 832 Junonis
932 799 1082 843 iniquae,

295 858 396 892 Nota
413 858 482 891 tibi
498 870 505 898 3
533 861 570 891 et
588 861 716 891 nostro
735 857 888 891 doluisti
906 869 1003 901 saepe
1023 858 1161 892 dolore.

296 916 408 949 Hunc
426 915 620 949 Phoenissa
638 918 741 949 tenet
759 915 868 957 Dido,
890 915 1111 959 blandisque
1129 919 1298 951 moratur

292 973 457 1007 Vocibus
474 985 481 1008 :
507 976 546 1007 et
564 984 704 1015 vereor,
725 971 800 1017 quo
818 984 856 1005 se
873 972 900 1006 J
903 972 1040 1006 unonia
1057 975 1206 1006 vertant

291 1031 488 1075 Hospitia:
516 1030 615 1063 haud
633 1033 738 1063 tanto
757 1030 914 1063 cessabit
931 1029 1080 1063 cardine
1099 1041 1232 1065 rerum.

291 1088 469 1129 Quocirca
485 1098 614 1131 capere
629 1086 715 1120 ante
733 1086 840 1129 dolis,
862 1092 899 1120 et
917 1087 1062 1130 cingere
1079 1087 1226 1120 flamma

288 1147 471 1190 Reginam
490 1145 660 1182 meditor,
682 1157 729 1179 ne
746 1157 820 1190 quo
837 1156 876 1179 se
893 1145 1046 1179 numine
1063 1149 1194 1189 mutet,

244 1220 248 1225 ¹
291 1205 365 1240 Sed
384 1216 516 1248 magno
535 1204 668 1238 [Eneae
686 1215 830 1237 mecum
847 1206 1020 1237 teneatur
1037 1215 1172 1240 amore.

287 1263 369 1305 Qua
385 1264 504 1296 facere
522 1262 559 1295 id
578 1262 706 1305 possis,
729 1264 894 1294 nostram
911 1273 1010 1294 nunc
1028 1261 1151 1305 accipe
1168 1265 1349 1301 mentem.

285 1321 435 1364 Regius,
459 1319 578 1353 accitu
595 1319 669 1353 cari
686 1318 875 1363 genitoris,
897 1318 945 1352 ad
963 1319 1092 1352 urbem

286 1378 477 1413 Sidoniam
495 1389 586 1421 puer
604 1377 657 1410 ire
675 1380 791 1420 parat,
815 1388 896 1410 mea
913 1376 1073 1409 maxima
1090 1388 1187 1420 cura,

283 1437 392 1470 Dona
407 1436 543 1477 ferens,
564 1435 692 1478 pelago
711 1437 748 1468 et
765 1434 921 1467 flammis
939 1434 1118 1468 restantia
1135 1435 1269 1479 Trojae.

285 1494 397 1528 Hunc
415 1505 481 1538 ego
498 1493 660 1536 sopitum
678 1503 818 1533 somno,
841 1503 951 1535 super
967 1492 1042 1525 alta
1060 1491 1235 1536 Cythera,

281 1553 359 1586 Aut
376 1563 486 1595 super
503 1551 676 1593 Idalium,
697 1553 838 1583 sacrat-Ei
856 1549 942 1583 sede
960 1549 1169 1592 recondam,

280 1611 339 1645 Ne
357 1611 430 1655 qua
446 1610 537 1643 scire
555 1608 659 1642 dolos
676 1608 866 1641 mediusve
884 1619 1073 1641 occurrere
1090 1607 1215 1651 possit.

280 1670 334 1703 Tu
353 1669 483 1703 faciem
502 1667 611 1710 illius,
633 1670 779 1700 noctem
798 1677 874 1699 non
890 1665 1048 1709 amplitis
1066 1677 1188 1708 unam,

279 1727 382 1761 Falle
400 1727 495 1769 dolo,
518 1729 556 1760 et
573 1728 682 1759 notos
700 1724 805 1769 pueri
824 1735 916 1768 puer
932 1723 1045 1757 indue
1064 1723 1187 1757 volti‘is
1202 1734 1212 1760 :

278 1786 344 1827 Ut,
365 1797 448 1819 cuni
467 1787 504 1818 te
521 1783 661 1828 gremio
679 1782 836 1826 accipiet
854 1781 1044 1815 laetissima
1061 1781 1170 1824 Dido,

277 1843 434 1887 Regales
453 1843 551 1875 inter
568 1853 712 1875 mensas
730 1840 951 1884 laticemque
968 1839 1132 1883 Lyaeum,

278 1901 369 1934 Cum
389 1899 492 1933 dabit
510 1899 712 1942 amplexus,
734 1901 845 1942 atque
862 1896 985 1930 oscula
1003 1896 1125 1930 dulcia
1142 1896 1241 1941 figet,

277 1958 471 1992 Occultum
490 1956 645 2001 inspires
663 1955 797 1999 ignem,
820 1954 1000 1999 fallasque
1017 1954 1200 1988 veneno.''
