1518 2209
175 165 221 197 42
503 162 666 196 viRGIL's
691 172 831 196 AENEID.
840 171 988 195 —BooK
1015 171 1040 196 1.

267 256 525 297 Dissimulant,
547 259 584 289 et
602 255 700 289 nube
717 259 806 289 cava
822 254 1060 299 speculantur
1075 254 1212 298 amicti,

267 314 358 355 Quae
377 314 526 347 fortuna
544 313 645 355 viris,
667 313 818 347 classem
836 324 909 357 quo
926 313 1034 346 litore
1051 312 1235 357 linquant,

267 371 365 413 Quid
382 372 534 405 veniant
552 383 559 406 ε
578 371 721 404 cunctis
737 382 822 404 nam
840 370 926 405 lecti
943 370 1099 404 navibus
1117 371 1222 404 ibant

266 429 424 464 Orantes
441 429 598 472 veniam,
620 432 657 462 et
673 428 853 472 templum
871 428 1028 462 clamore
1044 429 1233 472 petebant.

639 539 704 577 (vv.
726 538 904 577 520—543).

172 612 325 641 Ilioneus
349 611 521 641 adclresses
536 611 590 640 the
607 621 722 649 queen.
762 611 816 640 He
840 612 997 640 recounts
1021 609 1077 640 the
1103 611 1253 650 mishaps
1266 612 1307 650 of
1317 611 1370 641 his

222 665 329 700 party
341 662 411 691 ancl
423 662 610 698 complains
627 662 665 698 of
678 661 732 690 the
743 661 897 699 hostility
910 661 949 698 of
959 660 1011 690 tlte
1028 661 1306 700 Garthaqiniam.

170 737 238 770 520
309 736 512 779 Postquam
531 735 760 779 introgressi,
782 738 819 769 et
837 746 959 768 coram
976 737 1063 769 data
1080 735 1184 779 copia
1199 736 1318 779 fandi,

261 793 449 827 Maximus
466 793 631 826 Ilioneus
649 793 792 837 placido
810 793 862 826 sic
878 796 1025 837 pectore
1042 793 1155 835 coepit
1171 804 1180 828 ε

267 852 289 869 “
305 851 335 885 Ο
353 852 491 895 regina,
511 863 645 884 novam
663 851 721 884 cui
739 851 896 885 condere
913 851 1090 895 Juppiter
1106 852 1247 896 urbem,

260 910 490 953 Justitifique
508 909 613 942 dedit
631 912 761 952 ¹gentes
778 909 925 942 frenare
943 910 1131 953 superbas,

260 968 372 1001 Troes
389 970 426 1000 te
444 967 578 1008 miseri,
602 967 723 1000 ventis
740 967 855 1000 maria
872 967 996 1000 omnia
1014 967 1120 1011 vecti,

166 1026 234 1059 525
260 1025 415 1059 Oramus
431 1036 438 1058 :
458 1024 614 1068 prohibe
633 1024 806 1057 infandos
823 1036 845 1058 a
862 1025 1020 1058 navibus
1038 1025 1153 1069 ignes,

260 1084 373 1117 Parce
391 1083 452 1128 pio
469 1083 605 1127 generi,
629 1086 666 1116 et
684 1083 836 1126 propius
854 1094 911 1116 res
929 1083 1049 1127 aspice
1067 1087 1220 1119 nostras.

258 1141 346 1175 Non
363 1153 430 1174 nos
443 1144 507 1174 aut
524 1141 622 1174 ferro
640 1141 797 1183 Libycos
815 1140 991 1184 populare
1004 1140 1168 1174 *Penates

255 1199 449 1241 Venimus,
472 1202 537 1233 aut
555 1202 678 1243 raptas
697 1198 743 1232 ad
762 1198 871 1232 litora
889 1203 1035 1232 vertere
1052 1199 1203 1242 praedas.

256 1258 343 1291 Non
361 1269 404 1291 ea
420 1258 475 1291 vis
493 1257 626 1299 animo,
650 1269 718 1290 nec
735 1260 840 1290 tanta
857 1257 1029 1300 superbia
1046 1257 1163 1292 victis.

163 1317 231 1350 530
256 1317 324 1350 Est
337 1315 711 1360 locus—Hesperiam
730 1314 819 1348 Grai
837 1315 1054 1357 cognomine
1072 1315 1248 1349 dicunt—

255 1375 368 1408 Terra
384 1374 547 1418 antiqua,
570 1376 702 1417 potens
720 1373 831 1406 armis
849 1376 961 1416 atque
981 1374 1093 1407 ubere
1111 1373 1239 1417 glaebae
1257 1387 1265 1414 ;

255 1433 403 1466 OEnotri
421 1433 566 1466 coluere
584 1432 655 1465 viri
671 1444 678 1473 ;
698 1426 797 1464 nunc
815 1432 924 1474 fama,
946 1432 1107 1466 minores

253 1490 402 1524 Italiam
420 1490 567 1533 dixisse,
589 1490 693 1524 ducis
710 1490 756 1523 de
772 1489 934 1532 nomine,
956 1493 1106 1533 gentem

253 1549 340 1582 Huc
357 1560 485 1582 cursus
503 1549 587 1591 fuit,

159 1609 228 1642 535
254 1608 346 1642 Cum
364 1606 488 1641 subito
506 1607 709 1651 adsurgens
726 1607 842 1640 fluctu
859 1606 1050 1640 nimbosus
1066 1605 1183 1640 Orion

250 1666 296 1699 In
314 1666 408 1700 vada
426 1677 520 1700 caeca
537 1665 636 1707 tulit,
658 1665 882 1709 penitusque
901 1664 1116 1706 procacibus
1137 1665 1282 1699 Austris

249 1723 396 1767 Perque
414 1723 542 1764 undas,
566 1725 765 1766 superante
783 1721 871 1764 salo,
892 1733 1031 1766 perque
1049 1721 1149 1754 invia
1166 1733 1254 1755 saxa

250 1781 415 1825 Dispulit
433 1792 440 1817 :
459 1782 531 1814 huc
550 1781 657 1825 pauci
675 1780 809 1814 vestris
826 1780 1043 1814 adnavimus
1060 1780 1143 1814 oris.

248 1839 354 1881 Quod
373 1851 488 1880 genus
506 1839 575 1872 hoc
592 1837 812 1871 hominum?
837 1848 967 1881 quaeve
982 1837 1083 1871 hunc
1101 1843 1177 1871 tam
1203 1837 1356 1872 barbara

343 1908 483 1929 morem

153 1954 222 1988 540
246 1953 440 1987 Permittit
459 1953 607 1998 patria?
626 1953 786 1997 hospitio
804 1953 1047 1998 prohibemur
1064 1966 1184 1988 arenae
1202 1967 1210 1996 ς
1257 1959 1261 1962 ’
